<record><leader>00000cas a2200000 a 4500</leader><controlfield tag="001">18390943</controlfield><controlfield tag="008">880823d19011906ohucr ne      0    0eng c</controlfield><datafield ind1=" " ind2=" " tag="010"><subfield code="a">sn 88078782 </subfield></datafield><datafield ind1=" " ind2=" " tag="040"><subfield code="a">ONP</subfield><subfield code="b">eng</subfield><subfield code="c">ONP</subfield><subfield code="d">CUI</subfield><subfield code="d">OCLCQ</subfield><subfield code="d">OCLCF</subfield></datafield><datafield ind1=" " ind2=" " tag="042"><subfield code="a">pcc</subfield></datafield><datafield ind1=" " ind2=" " tag="043"><subfield code="a">n-us-oh</subfield></datafield><datafield ind1=" " ind2="4" tag="050"><subfield code="a">AN</subfield></datafield><datafield ind1="0" ind2=" " tag="130"><subfield code="a">Newark advocate (Newark, Ohio : 1901 : Semiweekly)</subfield></datafield><datafield ind1="1" ind2="0" tag="245"><subfield code="a">Newark advocate.</subfield></datafield><datafield ind1=" " ind2=" " tag="260"><subfield code="a">Newark, Ohio :</subfield><subfield code="b">Advocate Print. Co.,</subfield><subfield code="c">1901-1906.</subfield></datafield><datafield ind1=" " ind2=" " tag="310"><subfield code="a">Semiweekly</subfield></datafield><datafield ind1="0" ind2=" " tag="362"><subfield code="a">New ser., v. 35, no. 1 (Jan. 1, 1901)-new ser., v. 52, no. 57 (July 17, 1906).</subfield></datafield><datafield ind1=" " ind2=" " tag="580"><subfield code="a">Daily eds.: Newark daily advocate (Newark, Ohio : 1894), 1901; and: Newark advocate (Newark, Ohio : 1901 : Daily), 1901-1906.</subfield></datafield><datafield ind1=" " ind2="0" tag="651"><subfield code="a">Newark (Ohio)</subfield><subfield code="v">Newspapers.</subfield></datafield><datafield ind1=" " ind2="0" tag="651"><subfield code="a">Licking County (Ohio)</subfield><subfield code="v">Newspapers.</subfield></datafield><datafield ind1=" " ind2="7" tag="655"><subfield code="a">Newspapers.</subfield><subfield code="2">fast</subfield><subfield code="0">(OCoLC)fst01423814</subfield></datafield><datafield ind1=" " ind2="7" tag="651"><subfield code="a">Ohio</subfield><subfield code="z">Licking County.</subfield><subfield code="2">fast</subfield><subfield code="0">(OCoLC)fst01207827</subfield></datafield><datafield ind1=" " ind2="7" tag="651"><subfield code="a">Ohio</subfield><subfield code="z">Newark.</subfield><subfield code="2">fast</subfield><subfield code="0">(OCoLC)fst01207972</subfield></datafield><datafield ind1=" " ind2=" " tag="752"><subfield code="a">United States</subfield><subfield code="b">Ohio</subfield><subfield code="c">Licking</subfield><subfield code="d">Newark.</subfield></datafield><datafield ind1="1" ind2=" " tag="775"><subfield code="t">Newark daily advocate (Newark, Ohio : 1894)</subfield><subfield code="w">(DLC)sn 88078777</subfield><subfield code="w">(OCoLC)18390991</subfield></datafield><datafield ind1="1" ind2=" " tag="775"><subfield code="t">Newark advocate (Newark, Ohio : 1901 : Daily)</subfield><subfield code="w">(DLC)sn 84028856</subfield><subfield code="w">(OCoLC)11498915</subfield></datafield><datafield ind1="0" ind2="0" tag="780"><subfield code="t">Newark weekly advocate</subfield><subfield code="w">(DLC)sn 88078783</subfield><subfield code="w">(OCoLC)18390933</subfield></datafield><datafield ind1="0" ind2="0" tag="785"><subfield code="t">Semi-weekly advocate (Newark, Ohio)</subfield><subfield code="w">(DLC)sn 88078781</subfield><subfield code="w">(OCoLC)18390956</subfield></datafield></record>